% This file was created with JabRef 2.10b.
% Encoding: Cp1252


@manual{abyz,
	title		= "The PiGPIO library",
	author		= "pigpio",
	howpublished = {\url{http://abyz.me.uk/rpi/pigpio/}},
	year		= "2018",
}

@article{Bray,
  title={Extensible markup Language},
  author={Bray, Tim and Paoli, Jean and Sperberg-McQueen, C Michael and Maler, Eve and Yergeau, Fran{\c{c}}ois},
  journal={World Wide Web Journal},
  volume={2},
  number={4},
  pages={27--66},
  year={1997}
}

@misc{debian,
  title={Linux},
  author={Debian, GNU},
  year={2005}
}

@INPROCEEDINGS{Priyanka,
author={D. Priyanka and K. Dharani and C. Anirudh and K. Akshay and M. P. Sunil and S. A. Hariprasad},
booktitle={2017 International Conference on Inventive Computing and Informatics (ICICI)},
title={Traffic light and sign detection for autonomous land vehicle using Raspberry Pi},
year={2017},
volume={},
number={},
pages={160-164},
doi={10.1109/ICICI.2017.8365328},
ISSN={},
month={Nov},
}

@INPROCEEDINGS{Tso,
author={F. P. Tso and D. R. White and S. Jouet and J. Singer and D. P. Pezaros},
booktitle={2013 IEEE 33rd International Conference on Distributed Computing Systems Workshops},
title={The Glasgow Raspberry Pi Cloud: A Scale Model for Cloud Computing Infrastructures},
year={2013},
volume={},
number={},
pages={108-112},
doi={10.1109/ICDCSW.2013.25},
ISSN={1545-0678},
month={July},
}

@article{oki,
  title={OKI-78SR Series, Non-Isolated Switching Regulator DC-DC},
  author={Murata, Power Solutions},
  howpublished = {\url{https://power.murata.com/data/power/oki-78sr.pdf}},
  journal={JP: Data Sheet},
  year={2010}
}

@article{485,
  title={Low-Power RS-485 Transceiver},
  author={Texas, Instruments},
  howpublished = {\url{https://pdf1.alldatasheet.com/datasheet-pdf/view/87269/TI/SN65HVD3082E.html}},
  journal={USA: Texas},
  year={2012}
}

@article{232,
  title={MAX3232 3-V to 5.5-V Multichannel RS-232},
  author={Texas, Instruments},
  howpublished = {\url{https://datasheets.maximintegrated.com/en/ds/MAX323-MAX325.pdf}},
  journal={USA: Texas},
  year={2012}
}

@article{texas,
  title={The RS-485 Design Guide},
  author={Texas, Instruments },
  journal={USA: Texas Instruments},
  year={2008}
}

@article{DMSManual,
	title		= "Consola de Indicador de Destino - Protocolo de Comunicação",
	author		= "DMS",
	organization	= "DMS - Display \& Mobility Solutions",
	address	        =  "Rua de Cidres, nº1444, 4455-442 Perafita (Matosinhos), Portugal",
	year		= {2004},
	note		= "SICON II - DOCIE05004-00",
}

@manual{Adafruit,
	title		= "Introducing the Raspberry Pi Zero",
	author		= "Adafruit, Industries",
	organization	= "Adafruit",
	howpublished = {\url{https://cdn-learn.adafruit.com/downloads/pdf/introducing-the-raspberry-pi-zero.pdf}},
	year		= "2018",
}

@manual{sparkfun,
	title		= "GPIO - Raspberry Pi Zero v1.3",
	author		= "Sparkfun, Electronics",
	organization	= "Sparkfun",
	howpublished = {\url{https://cdn.sparkfun.com/assets/learn_tutorials/6/7/6/PiZero_1.pdf}},
	edition	= "1.3",
	year		= "2018",
}

@article{DMS,
  title = {Displays \& Mobility Solutions},
  author={DMS},
  howpublished = {\url{http://www.dmsdisplays.com/about-dms.php}},
  note = {Accessed: 2018-05-15},
  address =  {Rua de Cidres, nº1444, 4455-442 Perafita Matosinhos, Portugal},
  year={2018}
}

@misc{stcp,
  title = {Sociedade de Transportes Colectivos do Porto},
  author={STCP},
  howpublished = {\url{http://www.stcp.pt/pt/comunicados-de-imprensa/}},
  note = {Accessed: 2018-05-15},
  year={2018}
}

@misc{cp,
  title = {CP, Comboios de Portugal},
  author={CP},
  howpublished = {\url{https://www.cp.pt/institucional/pt/empresa}},
  note = {Accessed: 2018-05-15},
  year={2018}
}

@article{cunha,
  title={Mudan{\c{c}}as no sector dos transportes em Portugal: que caminhos para a actividade de servi{\c{c}}o p{\'u}blico e para a preserva{\c{c}}{\~a}o do interesse geral?: estudos de caso},
  author={Cunha, Liliana and Lacomblez, Marianne},
  year={2006}
}

@article{Levent,
author = { Levent V.   Orman },
title = {Public information systems},
journal = {The Information Society},
volume = {6},
number = {1-2},
pages = {69-76},
year  = {1989},
publisher = {Routledge},
doi = {10.1080/01972243.1989.9960070},

URL = {https://doi.org/10.1080/01972243.1989.9960070},
}

@book{Cormen,
	Title = {Algoritmos: teoria e prática},
	Publisher = {Editora Campus},
	edition = {2},
	Author = {Cormen, Thomas H and Leiserson, Charles E and Rivest, Ronald L and Stein, Clifford},
	year={2002}
}


@book{Chu,
	title={Inside the FFT black box: serial and parallel fast Fourier transform algorithms},
	publisher = {CRC Press},
	edition   = {1},
	author={Eleanor Chu and Alan George},
	year={1999}
}

@book{Oppenheim,
	title={Sinais e Sistemas},
	publisher = {Brasil:Pearson},
	edition   = {2},
	author={Alan V Oppenheim and Alan S Willsky},
	year={2010}
}

@misc{Moore,
	title={FPGAs for Dummies Altera Special Edition},
	author={Moore, Andrew},
	year={2007},
	publisher={Wiley Brand}
}

@manual{Xilinx,
	title        = {Spartan-3E FPGA Family Data Sheet},
	author       = {XILINX, Inc}, 
	organization = {Xilinx},
	address      = {San Jose, EUA},
	edition      = {4},
	month        = {Julho},
	year         = {2013},
	note         = {V4.1}
}

@book{Lathi,
	title={Sinais e Sistemas Lineares},
	publisher={Brasil: Bookman},
	edition   = {2},
	author={Bhagwandas Pannalal Lathi},
	year={2007},
	
}

@book{Meyer,
	title={Digital signal processing with field programmable gate arrays},
	publisher={Springer},
	edition   = {3},
	author={Uwe Meyer-Baese},
	year={2007}
	
}

@book{Haykin,
	title={Sinais e sistemas},
	author={HAYKIN, SIMON S and Van Veen, Barry},
	year={2001},
	publisher={Bookman}
}

@misc{Bovespa,
	title = {Índice BM \& FBOVESPA},
	author={TradingView},
	year={2017},
	howpublished = {\url{https://www.tradingview.com/symbols/BMFBOVESPA-IBOV/}},
	note = {Acessado em 14 de Agosto de 2017}
}

@inproceedings{vanmathi,
	title={FPGA implementation of Fast Fourier Transform},
	author={Vanmathi, K and Sekar, K and Ramachandran, Remya},
	booktitle={Green Computing Communication and Electrical Engineering (ICGCCEE), 2014 International Conference on},
	pages={1--5},
	year={2014},
	organization={IEEE}
}

@inproceedings{ibrahim,
	title={Analysis of radix-2 decimation in time algorithm for FPGA co-processors},
	author={Ibrahim, Muhammad and Kamal, Mohsin and Khan, Omar and Ullah, Khalil},
	booktitle={Computing, Electronic and Electrical Engineering (ICE Cube), 2016 International Conference on},
	pages={154--157},
	year={2016},
	organization={IEEE}
}

@inproceedings{triantis,
	title={A multi-frequency bioimpedance measurement ASIC for electrical impedance tomography},
	author={Triantis, Iasonas F and Demosthenous, Andreas and Rahal, Mohamad and Hong, Hongwei and Bayford, Richard},
	booktitle={ESSCIRC (ESSCIRC), 2011 Proceedings of the},
	pages={331--334},
	year={2011},
	organization={IEEE}
}

@book{martinsen,
	title={Bioimpedance and bioelectricity basics},
	author={Martinsen, Orjan G and Grimnes, Sverre},
	year={2011},
	publisher={Academic press}
}

@article{amaral,
	title={Design of a complex bioimpedance spectrometer using DFT and undersampling for neural networks diagnostics},
	author={Carlos Eduardo Ferrante do Amaral and Heitor S Lopes and Lúcia V Arruda and Marcos S Hara  and Antonio J Gonçalves and Adilson A Dias},
	journal={Medical engineering \& physics},
	volume={33},
	number={3},
	pages={356--361},
	year={2011},
	publisher={Elsevier}
}

@article{Bingham,
	author={J. A. C. Bingham},
	journal={IEEE Communications Magazine},
	title={Multicarrier modulation for data transmission: an idea whose time has come},
	year={1990},
	volume={28},
	number={5},
	pages={5-14},
	doi={10.1109/35.54342},
	ISSN={0163-6804},
	month={May}
}

@article{zhou,
	title={Pipeline FFT architectures optimized for FPGAs},
	author={Zhou, Bin and Peng, Yingning and Hwang, David},
	journal={International Journal of Reconfigurable Computing},
	volume={2009},
	pages={1},
	year={2009},
	publisher={Hindawi Publishing Corp.}
}

@inproceedings{he,
	title={The Realization of FFT Algorithm based on FPGA Co-processor},
	author={He, Hongjiang and Guo, Hui},
	booktitle={Intelligent Information Technology Application, 2008. IITA'08. Second International Symposium on},
	volume={3},
	pages={239--243},
	year={2008},
	organization={IEEE}
}

@inproceeding{Wang,
	author={B. Wang and Q. Zhang and T. Ao and M. Huang},
	booktitle={2010 Second International Conference on Computer Modeling and Simulation},
	title={Design of Pipelined FFT Processor Based on FPGA},
	year={2010},
	volume={4},
	pages={432-435},
	doi={10.1109/ICCMS.2010.112},
	month={Jan}
}

@Standard{,
  Owner                    = {Moreto},
  Timestamp                = {2013.10.30}
}


@Article{Kuo,
	author="Kuo, Jen-Chih
	and Wen, Ching-Hua
	and Lin, Chih-Hsiu
	and Wu, An-Yeu (Andy)",
	title="VLSI Design of a Variable-Length FFT/IFFT Processor for OFDM-Based Communication Systems",
	journal="EURASIP Journal on Advances in Signal Processing",
	year="2003",
	month="Dec",
	day="24",
	volume="2003",
	number="13",
	pages="439360",
	issn="1687-6180",
	doi="10.1155/S1110865703309060",
	url="https://doi.org/10.1155/S1110865703309060"
}

@ARTICLE{Chih, 
	author={Chih-Hsiu Lin and An-Yeu Wu}, 
	journal={IEEE Transactions on Circuits and Systems I: Regular Papers}, 
	title={Mixed-scaling-rotation CORDIC (MSR-CORDIC) algorithm and architecture for high-performance vector rotational DSP applications}, 
	year={2005}, 
	volume={52}, 
	number={11}, 
	pages={2385-2396}, 
	doi={10.1109/TCSI.2005.853908}, 
	ISSN={1549-8328}, 
	month={Nov},
}

@ARTICLE{Samueli, 
	author={H. Samueli}, 
	journal={IEEE Transactions on Circuits and Systems}, 
	title={An improved search algorithm for the design of multiplierless FIR filters with powers-of-two coefficients}, 
	year={1989}, 
	volume={36}, 
	number={7}, 
	pages={1044-1047}, 
	doi={10.1109/31.31347}, 
	ISSN={0098-4094}, 
	month={Jul},
}

@ARTICLE{Cheng, 
	author={Cheng-Shing Wu and An-Yeu Wu and Chih-Hsiu Lin}, 
	journal={IEEE Transactions on Circuits and Systems II: Analog and Digital Signal Processing}, 
	title={A high-performance/low-latency vector rotational CORDIC architecture based on extended elementary angle set and trellis-based searching schemes}, 
	year={2003}, 
	volume={50}, 
	number={9}, 
	pages={589-601}, 
	month={Sept},
}

@INPROCEEDINGS{Shing, 
	author={Cheng-Shing Wu and An-Yeu Wu}, 
	booktitle={2001 IEEE International Conference on Acoustics, Speech, and Signal Processing. Proceedings (Cat. No.01CH37221)}, 
	title={A novel trellis-based searching scheme for EEAS-based CORDIC algorithm}, 
	year={2001}, 
	volume={2}, 
	number={}, 
	pages={1229-1232 vol.2}, 
	ISSN={1520-6149}, 
	month={},
}

@ARTICLE{Meher, 
	author={P. K. Meher and J. Valls and T. B. Juang and K. Sridharan and K. Maharatna}, 
	journal={IEEE Transactions on Circuits and Systems I: Regular Papers}, 
	title={50 Years of CORDIC: Algorithms, Architectures, and Applications}, 
	year={2009}, 
	volume={56}, 
	number={9}, 
	pages={1893-1907}, 
	ISSN={1549-8328}, 
	month={Sept},}

@INPROCEEDINGS{Motaz, 
	author={M. A. El-Motaz and O. A. Nasr and K. Osama}, 
	booktitle={2014 International Wireless Communications and Mobile Computing Conference (IWCMC)}, 
	title={A CORDIC-friendly FFT architecture}, 
	year={2014}, 
	volume={}, 
	number={}, 
	pages={1087-1092}, 
	doi={10.1109/IWCMC.2014.6906506}, 
	ISSN={2376-6492}, 
	month={Aug},}

@ARTICLE{Garrido, 
	author={M. Garrido and P. Källström and M. Kumm and O. Gustafsson}, 
	journal={IEEE Transactions on Circuits and Systems II: Express Briefs}, 
	title={CORDIC II: A New Improved CORDIC Algorithm}, 
	year={2016}, 
	volume={63}, 
	number={2}, 
	pages={186-190},  
	doi={10.1109/TCSII.2015.2483422}, 
	ISSN={1549-7747}, 
	month={Feb},}

	@inproceedingsS{NirmalRaj,
	author={S. NirmalRaj and T. Vigneswaran},
	booktitle={2015 International Conference on Circuits, Power and Computing Technologies [ICCPCT-2015]},
	title={A novel method to compress voice signal using compressive sensing},
	year={2015},
	pages={1-4},
	doi={10.1109/ICCPCT.2015.7159312},
	month={March}
}
@article{alvin,
	title={Fourier transform computers using CORDIC iterations},
	author={Despain, Alvin M},
	journal={IEEE Transactions on Computers},
	volume={100},
	number={10},
	pages={993--1001},
	year={1974},
	publisher={IEEE}
}
@inproceedings{triantis,
	title={A multi-frequency bioimpedance measurement ASIC for electrical impedance tomography},
	author={Triantis, Iasonas F and Demosthenous, Andreas and Rahal, Mohamad and Hong, Hongwei and Bayford, Richard},
	booktitle={ESSCIRC (ESSCIRC), 2011 Proceedings of the},
	pages={331--334},
	year={2011},
	organization={IEEE}
}
@book{martinsen,
	title={Bioimpedance and bioelectricity basics},
	author={Martinsen, Orjan G and Grimnes, Sverre},
	year={2011},
	publisher={Academic press}
}

@INPROCEEDINGS{Liu,
author={C. Liu and P. Moreira and N. Zemiti and P. Poignet},
booktitle={2011 Annual International Conference of the IEEE Engineering in Medicine and Biology Society},
title={3D force control for robotic-assisted beating heart surgery based on viscoelastic tissue model},
year={2011},
volume={},
number={},
pages={7054-7058},
keywords={biological tissues;biomechanics;medical robotics;surgery;viscoelasticity;3D force control;3D heart beating motion information;D2M2 robot;Da Vinci system;organ tissue;robotic instrument;robotic-assisted beating heart surgery;stiff object manipulation;three-dimensional force control method;viscoelastic interaction property;viscoelastic tissue model;viscoelasticity property;Force;Force control;Heart;Iron;Mathematical model;Robots;Surgery;Cardiac Surgical Procedures;Cardiology;Computer Simulation;Elasticity;Humans;Imaging, Three-Dimensional;Models, Statistical;Models, Theoretical;Motion;Myocardial Contraction;Reproducibility of Results;Robotics;Surgical Procedures, Minimally Invasive;Thoracic Surgery;Time Factors;Viscosity},
doi={10.1109/IEMBS.2011.6091783},
ISSN={1094-687X},
month={Aug},}
